@article{sarkar2021convergence,
  title={Convergence of eigenvector continuation},
  author={Sarkar, Avik and Lee, Dean},
  journal={Physical review letters},
  volume={126},
  number={3},
  pages={032501},
  year={2021},
  publisher={APS}
}

@article{sowinski2022fundamental,
  title={Fundamental limitations of the eigenvalue continuation approach},
  author={Sowi{\'n}ski, Tomasz and Garcia-March, Miguel A},
  journal={arXiv preprint arXiv:2202.07493},
  year={2022}
}

@article{frame2018eigenvector,
  title={Eigenvector continuation with subspace learning},
  author={Frame, Dillon and He, Rongzheng and Ipsen, Ilse and Lee, Daniel and Lee, Dean and Rrapaj, Ermal},
  journal={Physical Review Letters},
  volume={121},
  number={3},
  pages={032501},
  year={2018},
  publisher={APS}
}

@book{frame2019ab,
  title={Ab Initio simulations of light nuclear systems using eigenvector continuation and auxiliary field Monte Carlo},
  author={Frame, Dillon Kyle},
  year={2019},
  publisher={Michigan State University}
}

@article{boehnlein2021artificial,
  title={Artificial Intelligence and Machine Learning in Nuclear Physics},
  author={Boehnlein, Amber and Diefenthaler, Markus and Fanelli, Cristiano and Hjorth-Jensen, Morten and Horn, Tanja and Kuchera, Michelle P and Lee, Dean and Nazarewicz, Witold and Orginos, Kostas and Ostroumov, Peter and others},
  journal={arXiv preprint arXiv:2112.02309},
  year={2021}
}


@article{drischler2021toward,
  title={Toward emulating nuclear reactions using eigenvector continuation},
  author={Drischler, C and Quinonez, M and Giuliani, PG and Lovell, AE and Nunes, FM},
  journal={Physics Letters B},
  volume={823},
  pages={136777},
  year={2021},
  publisher={Elsevier}
}

@article{furnstahl2020efficient,
  title={Efficient emulators for scattering using eigenvector continuation},
  author={Furnstahl, RJ and Garcia, AJ and Millican, PJ and Zhang, Xilin},
  journal={Physics Letters B},
  volume={809},
  pages={135719},
  year={2020},
  publisher={Elsevier}
}

@article{konig2020eigenvector,
  title={Eigenvector continuation as an efficient and accurate emulator for uncertainty quantification},
  author={K{\"o}nig, S and Ekstr{\"o}m, A and Hebeler, K and Lee, D and Schwenk, A},
  journal={Physics Letters B},
  volume={810},
  pages={135814},
  year={2020},
  publisher={Elsevier}
}

@article{demol2020improved,
  title={Improved many-body expansions from eigenvector continuation},
  author={Demol, Pepijn and Duguet, Thomas and Ekstr{\"o}m, Andreas and Frosini, Mikael and Hebeler, Kai and K{\"o}nig, Sebastian and Lee, Dean and Schwenk, Achim and Som{\`a}, Vittorio and Tichai, Alexander},
  journal={Physical Review C},
  volume={101},
  number={4},
  pages={041302},
  year={2020},
  publisher={APS}
}

@article{eklind2021eigenvector,
  title={Eigenvector continuation and strongly interacting cold atom systems},
  author={Eklind, Carl},
  year={2021}
}

@article{demol2021bogoliubov,
  title={Bogoliubov many-body perturbation theory under constraint},
  author={Demol, Pepijn and Frosini, Mikael and Tichai, Alexander and Som{\`a}, Vittorio and Duguet, Thomas},
  journal={Annals of Physics},
  volume={424},
  pages={168358},
  year={2021},
  publisher={Elsevier}
}


@article{ekstrom2019global,
  title={Global sensitivity analysis of bulk properties of an atomic nucleus},
  author={Ekstr{\"o}m, Andreas and Hagen, Gaute},
  journal={Physical Review Letters},
  volume={123},
  number={25},
  pages={252501},
  year={2019},
  publisher={APS}
}


@incollection{saad2000introduction,
  title={An introduction to iterative projection methods},
  author={Saad, Yousef and Lehoucq, R and Sorensen, D},
  booktitle={Templates for the Solution of Algebraic Eigenvalue Problems: A Practical Guide},
  pages={37--44},
  year={2000},
  publisher={SIAM}
}

@article{jia1999convergence,
  title={On the convergence of Ritz values, Ritz vectors, and refined Ritz vectors},
  author={Jia, Zhongxiao and Stewart, Gilbert W},
  year={1999},
  publisher={Citeseer}
}

@article{knyazev1997new,
  title={New estimates for Ritz vectors},
  author={Knyazev, Andrew},
  journal={Mathematics of computation},
  volume={66},
  number={219},
  pages={985--995},
  year={1997}
}

@article{jia2001analysis,
  title={An analysis of the Rayleigh--Ritz method for approximating eigenspaces},
  author={Jia, Zhongxiao and Stewart, GW},
  journal={Mathematics of computation},
  volume={70},
  number={234},
  pages={637--647},
  year={2001}
}

@book{box2011bayesian,
  title={Bayesian inference in statistical analysis},
  author={Box, George EP and Tiao, George C},
  volume={40},
  year={2011},
  publisher={John Wiley \& Sons}
}

@article{king2019direct,
  title={Direct comparison between Bayesian and frequentist uncertainty quantification for nuclear reactions},
  author={King, GB and Lovell, AE and Neufcourt, L and Nunes, FM},
  journal={Physical Review Letters},
  volume={122},
  number={23},
  pages={232502},
  year={2019},
  publisher={APS}
}
